<?xml version="1.0" encoding="UTF-8"?><collection><record><leader>07852ntm a2200613 a 4500</leader><controlfield tag="001">006805784</controlfield><controlfield tag="003">MiAaHDL</controlfield><controlfield tag="005">20190719000000.0</controlfield><controlfield tag="006">m        d        </controlfield><controlfield tag="007">cr bn ---auaua</controlfield><controlfield tag="008">090602q18431860xx            00| ||per d</controlfield><datafield tag="035" ind1=" " ind2=" "><subfield code="a">(MiU)006805784</subfield></datafield><datafield tag="035" ind1=" " ind2=" "><subfield code="a">sdr-miu006805784</subfield></datafield><datafield tag="040" ind1=" " ind2=" "><subfield code="a">MiU</subfield><subfield code="c">MiU</subfield><subfield code="e">amremm</subfield></datafield><datafield tag="043" ind1=" " ind2=" "><subfield code="a">n-us-mi</subfield></datafield><datafield tag="100" ind1="1" ind2=" "><subfield code="6">880-01</subfield><subfield code="a">Hamadānī, ʻAlī Muḥammad ibn Aḥmad,</subfield><subfield code="d">flourished 19th cent.</subfield></datafield><datafield tag="245" ind1="1" ind2="0"><subfield code="6">880-02</subfield><subfield code="a">Zubdat al-muntakhibīn,</subfield><subfield code="f">[mid 19th century].</subfield></datafield><datafield tag="246" ind1="3" ind2=" "><subfield code="a">تذكره</subfield></datafield><datafield tag="246" ind1="3" ind2=" "><subfield code="i">Edge title:</subfield><subfield code="a">تذکره</subfield></datafield><datafield tag="246" ind1="3" ind2=" "><subfield code="a">Zubdat al-muntakhabīn</subfield></datafield><datafield tag="246" ind1="3" ind2=" "><subfield code="a">زبده المنتخبین</subfield></datafield><datafield tag="246" ind1="3" ind2=" "><subfield code="a">زبدة المنتخبين</subfield></datafield><datafield tag="260" ind1=" " ind2=" "><subfield code="c">[between 1843 and 1860?].</subfield></datafield><datafield tag="300" ind1=" " ind2=" "><subfield code="a">482 leaves :</subfield><subfield code="b">paper ;</subfield><subfield code="c">275 x 165 (153 x 78) mm. bound to 280 x 173 mm.</subfield></datafield><datafield tag="500" ind1=" " ind2=" "><subfield code="a">Shelfmark: Ann Arbor, University of Michigan, Special Collections Library, Isl. Ms. 284</subfield></datafield><datafield tag="500" ind1=" " ind2=" "><subfield code="a">Origin: Lacks dated colophon ; paper, decoration, patronage, etc. would suggest mid 19th century. Inscription on front flyleaf and preface (fol.1a-1b/p.1-2) indicates that the composition was completed in the era of Muḥammad Shāh Qājār (r.1834-1848) under the patronage and direction of Ṣadr al-Mamālik Mīrzā Naṣr Allāh Ardabīlī (d.1854 or 5 ?).</subfield></datafield><datafield tag="500" ind1=" " ind2=" "><subfield code="a">Accompanying materials: Slip of wove paper with inscription in pencil "284 | Intikhāb az Dīvan | Ḳaṣā'id Anvari. | Selections from | kasidahs of Anvari | early 19th cent."</subfield></datafield><datafield tag="500" ind1=" " ind2=" "><subfield code="a">Binding: Pasteboards covered in dark brown leather (sheep) ; Type III binding (without flap) ; board linings in untinted paper ; upper and lower covers bear blind-tooled border consisting of a series of s-shaped stamps ; resewn making it difficult to assess the original sewing ; very fine chevron endbands in magenta and green ; in fair condition with much abrasion, even gashes, on covers ; spine leather is abraded, dry and cracking ; moisture damage ; much staining and general wear ; cover is beginning to detach from textblock at spine.</subfield></datafield><datafield tag="500" ind1=" " ind2=" "><subfield code="a">Support: European laid papers of a few types ; table of contents in European laid paper with chain lines running vertically spaced roughly 23 mm. apart, laid lines running horizontally spaced roughly 11-12 laid lines per cm., watermark circle with "IP" inside, orb and eagle above, in final folio of table of contents, watermark partially visible "...RTTI [?]" ; early through mid quires in European machine 'laid' paper, chain lines running vertically spaced roughly 28 mm. apart, watermark "ALMASSO" and "GIOR MAGNANI" with scrollwork with eagle above tower (compare Heawood 3748) ; roughly last ten quires (from p.805) in European machine 'laid' paper, chain lines running vertically spaced roughly 27mm. apart, watermark "POLLERI" and stag leaping above pond (stag springing or salient, or even courant), antlers in two lines.</subfield></datafield><datafield tag="500" ind1=" " ind2=" "><subfield code="a">Decoration: Magnificent illuminated headpiece (ʻunwān) on incipit page consisting of rectangular panel with gold cartouche carrying the section title "انتخاب از دیوان قصاید انوری" bordered by an extremely elaborate frame forming a well filled with row upon row of semi-circular (dome) motifs accented by floral decoration (in red, orange, pink, blue, and white) and arabesque on fields of lapis lazuli and gold ; simple but compound frame consisting of various gold bands outlined by black fillets, second (bordering the margins) and third rules at some distance from the first ; on incipit and facing page, decorative vegetal border (arabesque) in gold surrounding columns of text ; cloud-bands in gold on incipit and facing page ; a few textual dividers looking like numeral khamsah ; floral decoration in ruled margin of incipit and facing page ; now illustrated with four miniature paintings, likely added later and obscuring text beneath, including: on fol.141a (p.281) scene showing pig herder with dog and pigs, in background church and astonished onlookers [2] on fol.211b (p.422) a hunting scene [3] on fol.276b (p.552) white-bearded man in the mountains with lion or leopard [4] on fol.320b (p.640) two men engaged in discourse ; section headings, keywords, and entries in table of contents rubricated. ; overlining and textual dividers in red.</subfield></datafield><datafield tag="500" ind1=" " ind2=" "><subfield code="a">Script: Nastaʻlīq ; bold clear Persian hand ; characteristic descent of words to baseline though not heavily exaggerated ; contrast in thick and thin strokes, horizontal strokes quite heavy ; sans serif ; characteristic letterforms ; text of fol.473b-474a (p.946-47) in Arabic, supplied in a fine ىaskh, mainly serifless except for occasional alif of lam alif ligature, quite vertical, occasional sweeping descenders, fully vocalized.</subfield></datafield><datafield tag="500" ind1=" " ind2=" "><subfield code="a">Layout: Written in 18 lines per page in the central column, 25-28 lines on the diagonal in the ruled margins ; single column often divided to two columns for setting off poetry, surrounded by margin ruled decoratively on the diagonal ; frame-ruled.</subfield></datafield><datafield tag="500" ind1=" " ind2=" "><subfield code="a">Collation: iii, I(2), 17 IV(138), III (144), 12 IV(240), IV+2(250), 29 IV(482), iii ; chiefly quaternions ; catchwords present in the lower left of the lower ruled margin, rarely slanting down ; pagination in pencil, Western numerals, supplied during cataloguing.</subfield></datafield><datafield tag="500" ind1=" " ind2=" "><subfield code="a">Dedication: As attested in inscription on front flyleaf and in preface appearing before table of contents, composed under the patronage and direction of Mīrzā Naṣr Allāh Ardabīlī (d.1271 or 2 / 1854 or 5 ?), a Niʻmatallāhī dervish who also bore the title Nuṣratʻalī and was appointed to the office of Ṣadr al-Mamālik in 1259 [1843] (see Sefatgol, "The Safavid Model of State-Religious Administration," 78-79).</subfield></datafield><datafield tag="500" ind1=" " ind2=" "><subfield code="a">Explicit: " کای عمر تباه کتا پیشه تا چند زنی تو بپا تیشه شد عمر تو شصت و همان پستی وز باده ی لهو و لعب مستی "</subfield></datafield><datafield tag="500" ind1=" " ind2=" "><subfield code="a">Incipit: "حمد و سپاس و لغات لحنات [؟] ستایش بیقیاس شایسته اوراق مدایح خداوند یکانه و سزادار صحایف اوصاف معبود یست ... ای قاعده تازه ز دست تو کرم را دیمرتبه تو زبان تو قلم را"</subfield></datafield><datafield tag="500" ind1=" " ind2=" "><subfield code="a">Title from inscription on front flyleaf and preface on fol.1a-1b (p.1-2).</subfield></datafield><datafield tag="500" ind1=" " ind2=" "><subfield code="a">Ms. codex.</subfield></datafield><datafield tag="510" ind1="4" ind2=" "><subfield code="a">Kitābkhānah-i Majlis-i Shūrā-yi Millī, ms. no. ۱۳۵۷۸</subfield></datafield><datafield tag="510" ind1="4" ind2=" "><subfield code="a">Sefatgol, Mansur. "The Safavid Model of State-Religious Administration." In Religion and Society in Qajar Iran, ed. Robert Gleave (London: RoutledgeCurzon, 2005), pp.78-79, 83</subfield></datafield><datafield tag="520" ind1="8" ind2=" "><subfield code="a">Fine copy of a work of selections from the works of various Persian poets, referred to as a taz̲kirah but more in the style of a jung, compiled under the patronage and direction of Mīrzā Naṣr Allāh Ardabīlī (d. 1854 or 5) by ʻAlī Muḥammad ibn Aḥmad Hamadānī. Opens with selections from Anvarī (d. 1189 or 90).</subfield></datafield><datafield tag="538" ind1=" " ind2=" "><subfield code="a">Mode of access: Internet.</subfield></datafield><datafield tag="541" ind1=" " ind2=" "><subfield code="c">Purchase ;</subfield><subfield code="a">Acquired by purchase (funds donated by Horace Rackham).</subfield><subfield code="d">1924.</subfield></datafield><datafield tag="546" ind1=" " ind2=" "><subfield code="a">Persian.</subfield></datafield><datafield tag="561" ind1=" " ind2=" "><subfield code="a">Possible former owner's mark on front flyleaf "178 T. De M [i.e. Tammaro De Marinis]" ; a few marginal corrections and glosses.</subfield></datafield><datafield tag="650" ind1=" " ind2="0"><subfield code="a">Manuscripts, Persian</subfield><subfield code="z">Michigan</subfield><subfield code="z">Ann Arbor.</subfield></datafield><datafield tag="650" ind1=" " ind2="0"><subfield code="a">Persian poetry</subfield><subfield code="y">1500-1796.</subfield></datafield><datafield tag="650" ind1=" " ind2="0"><subfield code="a">Persian poetry</subfield><subfield code="y">747-1500.</subfield></datafield><datafield tag="650" ind1=" " ind2="0"><subfield code="a">Poets, Persian</subfield><subfield code="v">Biography.</subfield></datafield><datafield tag="655" ind1=" " ind2="7"><subfield code="a">Headpieces (layout features)</subfield><subfield code="y">19th century.</subfield><subfield code="2">aat</subfield></datafield><datafield tag="700" ind1="0" ind2=" "><subfield code="a">Abdülhamid</subfield><subfield code="b">II,</subfield><subfield code="c">Sultan of the Turks,</subfield><subfield code="d">1842-1918,</subfield><subfield code="e">former owner.</subfield></datafield><datafield tag="773" ind1="0" ind2=" "><subfield code="a">Abdul Hamid Collection.</subfield></datafield><datafield tag="880" ind1="1" ind2="0"><subfield code="6">245-02/</subfield><subfield code="a">زبدة المنتخبین,</subfield><subfield code="f">[نیمه قرن 19م].</subfield></datafield><datafield tag="880" ind1="1" ind2=" "><subfield code="6">100-01/</subfield><subfield code="a">همدانى، علي محمد بن احمد.</subfield></datafield><datafield tag="CID" ind1=" " ind2=" "><subfield code="a">006805784</subfield></datafield><datafield tag="DAT" ind1="0" ind2=" "><subfield code="a">20190719102637.0</subfield><subfield code="b">20190719000000.0</subfield></datafield><datafield tag="DAT" ind1="1" ind2=" "><subfield code="a">20190719090653.0</subfield><subfield code="b">2019-07-19T16:11:40Z</subfield></datafield><datafield tag="DAT" ind1="2" ind2=" "><subfield code="a">2015-10-10T18:00:06Z</subfield></datafield><datafield tag="CAT" ind1=" " ind2=" "><subfield code="a">SDR-MIU</subfield><subfield code="d">EX LIBRIS - ALEPH</subfield><subfield code="l">prepare.pl-004-008</subfield></datafield><datafield tag="FMT" ind1=" " ind2=" "><subfield code="a">BK</subfield></datafield><datafield tag="HOL" ind1=" " ind2=" "><subfield code="0">sdr-miu006805784</subfield><subfield code="a">MiU</subfield><subfield code="b">SDR</subfield><subfield code="c">MIU</subfield><subfield code="p">mdp.39015079127588</subfield><subfield code="s">MIU</subfield><subfield code="1">006805784</subfield></datafield><datafield tag="974" ind1=" " ind2=" "><subfield code="b">MIU</subfield><subfield code="c">MIU</subfield><subfield code="d">20190719</subfield><subfield code="s">lit-dlps-dc</subfield><subfield code="u">mdp.39015079127588</subfield><subfield code="y">1860</subfield><subfield code="r">pd</subfield><subfield code="q">bib</subfield><subfield code="t">non-US bib date2 &lt; 1896</subfield></datafield></record></collection>